@misc{glibc-malloc-is-weak,
	title = {{G}{N}{U} {C} Library source - weak definitions of memory management functions},
	howpublished = {\url{https://code.woboq.org/userspace/glibc/malloc/malloc.c.html#__calloc}},
	note = {Accessed 2019-06-29}
}

@misc{glibc-dlsym-calls-calloc,
	title = {{G}{N}{U} {C} Library source - dlsym() calls calloc()},
	howpublished = {\url{https://github.com/lattera/glibc/blob/59ba27a63ada3f46b71ec99a314dfac5a38ad6d2/dlfcn/dlerror.c#L141}},
	note = {Accessed 2019-06-29}
}

@misc{dlsym-calloc-special-ex1,
	title = {The Universal Elite Game Trainer for CLI (Linux game trainer research project) - hooking memory allocation functions},
	howpublished = {\url{https://github.com/ugtrain/ugtrain/blob/d9519a15f4363cee48bb3c270f6050181c5aa305/src/linuxhooking/memhooks.c#L153}},
	note = {Accessed 2019-06-29}
}

@misc{netbsd-queue-ref,
	title = {Net{B}{S}{D} queue.h header file - reference},
	howpublished = {\url{https://netbsd.gw.com/cgi-bin/man-cgi?queue}},
	note = {Accessed 2019-06-30}
}

@misc{glibc-printf-malloc,
	title = {{G}{N}{U} {C} Library - printf() can use malloc()},
	howpublished = {\url{https://www.gnu.org/software/libc/manual/html_node/Hooks-for-Malloc.html#Hooks-for-Malloc}},
	note = {Accessed 2019-07-08}
}

@misc{glibc-printf-malloc-vulnerability,
	title = {0CTF 2017 - EasiestPrintf (PWN 150)},
	howpublished = {\url{https://blog.dragonsector.pl/2017/03/0ctf-2017-easiestprintf-pwn-150.html}},
	note = {Accessed 2019-07-09}
}

@misc{glibc-puts-analysis,
	title = {Hello World Analysis},
	howpublished = {\url{http://osteras.info/personal/2013/10/11/hello-world-analysis.html}},
	note = {Accessed 2019-07-08}
}

@misc{github-linux-syscallmd,
	title = {GitHub source for linux-syscallmd},
	howpublished = {\url{https://github.com/shdnx/linux-syscallmd}},
	note = {Accessed 2019-07-09}
}

@inproceedings {dune-paper,
	author = {Adam Belay and Andrea Bittau and Ali Mashtizadeh and David Terei and David Mazi{\`e}res and Christos Kozyrakis},
	title = {Dune: Safe User-level Access to Privileged {CPU} Features},
	booktitle = {Presented as part of the 10th {USENIX} Symposium on Operating Systems Design and Implementation ({OSDI} 12)},
	year = {2012},
	isbn = {978-1-931971-96-6},
	address = {Hollywood, CA},
	pages = {335--348},
	url = {https://www.usenix.org/conference/osdi12/technical-sessions/presentation/belay},
	publisher = {{USENIX}},
}

@misc{dune-website,
	title = {Dune Project official website},
	howpublished = {\url{http://dune.scs.stanford.edu}},
	note = {Accessed 2019-07-31}
}

@misc{dune-github-ix,
	title = {Dune source code, forked by the ix-project},
	howpublished = {\url{https://github.com/ix-project/dune}},
	note = {Accessed 2019-07-31}
}

@misc{dune-github-original,
	title = {Dune source code, original repository},
	howpublished = {\url{https://github.com/project-dune/dune}},
	note = {Accessed 2019-07-31}
}